@misc{rmsolgi_2020,
  title        = {Genetic Algorithm Package for Python},
  howpublished = {\url{https://github.com/rmsolgi/geneticalgorithm}},
  journal      = {GitHub},
  author       = {rmsolgi},
  year         = {2020},
  month        = {Dic}
}

@misc{wikipedia_2022,
  title        = {Rastrigin function},
  howpublished = {\url{https://en.wikipedia.org/wiki/Rastrigin_function}},
  journal      = {Wikipedia},
  author       = {Wikipedia Contributors},
  year         = {2022},
  month        = {Feb}
}

@misc{effectsofgeneticalgorithmoptions_2022,
  title        = {Effects of Genetic Algorithm Options},
  howpublished = {\url{https://www.mathworks.com/help/gads/options-in-genetic-algorithm.html}},
  journal      = {Mathworks.com},
  author       = {Mathworks},
  year         = {2022}
}

â€Œ