@article{arranz2007algoritmos,
  title   = {Algoritmos gen{\'e}ticos},
  author  = {Arranz de la Pe{\~n}a, Jorge and Parra Truyol, Antonio},
  journal = {Universidad Carlos III},
  year    = {2007}
}

@article{pose2000introduccion,
  title   = {Introducci{\'o}n a los algoritmos gen{\'e}ticos},
  author  = {Pose, Marcos Gestal},
  journal = {Departamento de Tecnolog{\'\i}as de la Informaci{\'o}n y las Comunicaciones Universidad de Coru{\~n}a},
  year    = {2000}
}

@book{morales2002algoritmos,
  title     = {Algoritmos gen{\'e}ticos},
  author    = {Morales, {\'A}ngel Kuri and Casas, Jos{\'e} Galaviz},
  year      = {2002},
  publisher = {Instituto Polit{\'e}cnico Nacional}
}