@misc{AntColon50:online,
  author       = {Mostapha Kalami Heris},
  title        = {Ant Colony Optimization in MATLAB},
  howpublished = {\url{https://yarpiz.com/53/ypea103-ant-colony-optimization}, Yarpiz},
  month        = {},
  year         = {2015},
  note         = {(Accesado el 09/07/2022)}
}

@misc{CITIESCi13:online,
  author       = {},
  title        = {CITIES - City Distance Datasets},
  howpublished = {\url{https://people.sc.fsu.edu/~jburkardt/datasets/cities/cities.html}},
  month        = {julio},
  year         = {2011},
  note         = {(Accesado el 09/07/2022)}
}

@misc{Optimiza64:online,
  author       = {Dr. César Augusto Puente Montejano},
  title        = {Optimización por Colonia de Hormigas (ACO)},
  howpublished = {\url{https://didactic.uaslp.mx/pluginfile.php/532673/mod_resource/content/0/3.%20Optimizaci%C3%B3n%20por%20Colonia%20de%20Hormigas.pdf}},
  month        = {},
  year         = {},
  note         = {(Accesado el 09/07/2022)}
}