@misc{Funci贸nd20:online,
author = {An贸nimo},
title = {Funci贸n Rastrigin},
howpublished = {\url{https://williamstanley.es/wiki/Rastrigin_function}},
note = {(Accesado en 09/01/2022)}
}

@misc{C贸digoPSO:online,
title = {Algoritmo PSO en matlab},
howpublished = {\url{https://didactic.uaslp.mx/mod/resource/view.php?id=127535}},
note = {(Accesado en 09/01/2022)}
}

@misc{PSO:online,
title = {2. Particle Swarm Optimization},
howpublished = {\url{https://didactic.uaslp.mx/mod/resource/view.php?id=157628}},
note = {(Accesado en 09/01/2022)}
}