@misc{qcloud1223_2022,
  title        = {0-1-knapsack-problem-by-ACO},
  howpublished = {\url{https://github.com/Qcloud1223/0-1-knapsack-problem-by-ACO}},
  author       = {Qcloud1223},
  year         = {2022}
}

@misc{yarpiz_2015,
  title        = {Ant Colony Optimization in MATLAB - Yarpiz},
  howpublished = {\url{https://yarpiz.com/53/ypea103-ant-colony-optimization}},
  author       = {Yarpiz},
  year         = {2015},
  month        = {Sep}
}

â€Œ
