@misc{geneticalgorithm2_2022,
  title        = {geneticalgorithm2s},
  howpublished = {\url{https://pypi.org/project/geneticalgorithm2/}},
  author       = {Demetry Pascal \& Pasa Opasen (PyPI)},
  year         = {2022},
  month        = {Jun}
}

@misc{effectsofgeneticalgorithmoptions_2022,
  title        = {Effects of Genetic Algorithm Options},
  howpublished = {\url{https://www.mathworks.com/help/gads/options-in-genetic-algorithm.html}},
  journal      = {Mathworks.com},
  author       = {Mathworks},
  year         = {2022}
}

@article{uaslp_2022,
  title   = {Problemas de la vida real con GA},
  author  = {César Puente},
  journal = {didacTIC},
  year    = {2022}
}

‌
